3084 4292
610 529 614 537 .
682 461 688 474 x
713 482 816 533 lubrica
830 482 955 554 generales.

425 547 547 603 mlnicam
569 549 707 601 mimarum
721 547 816 597 inclusr·
850 544 1244 614 nrrsfitretiaseemdaseqeente:

425 614 471 671 vi,
488 615 519 664 ad
535 617 690 666 Dominicam
706 619 731 662 in
750 614 819 662 Albis
850 612 1014 662 siveroidem
1025 613 1118 660 sellum
1130 629 1242 663 occurre·

424 679 542 730 exclusive
554 715 562 740 ,
586 696 635 730 tarn
665 677 817 744 Simplicium
850 679 881 726 rit
899 681 924 726 in
948 676 1102 726 hebdomada
1125 679 1242 736 Paschz,

423 745 499 808 quam
518 743 715 809 semidupliclum
736 744 763 791 in
779 744 816 791 his
850 741 993 800 abstinentia
1010 757 1066 791 tum
1090 742 1191 790 litaniis
1213 741 1243 790 fir

424 811 509 858 diebus
527 810 703 860 occurrentium
722 809 816 856 omitti·
848 806 1242 872 FeriisecundipostDominiram

424 885 463 922 tut
487 874 702 922 Commemoratio.
720 874 782 920 leem
800 870 815 920 al
847 871 1077 936 lnAlbis,quocum
1098 886 1127 918 ue
1137 870 1203 918 Festo
1213 872 1241 918 iu

423 937 815 1066 {s”llisstiiifllgzls
847 887 1242 1060 §ussil‘tifmilslss'nl‘ff

422 1077 473 1112 rem
500 1067 568 1115 nulla
588 1017 814 1118 qcommemoratio.
847 1065 928 1131 pediti
943 1064 1006 1113 Festo
1018 1064 1107 1113 Semid.
1123 1066 1147 1112 δι
1167 1060 1241 1127 supra

422 1127 517 1177 Triduo
530 1145 611 1179 autem
625 1130 678 1194 poll
693 1131 755 1178 lranc
776 1135 816 1180 Fe·
846 1129 899 1194 post
912 1130 1067 1178 Dominicam
1077 1131 1102 1175 in
1118 1127 1188 1176 Albis
1202 1126 1238 1175 se·

421 1195 485 1242 riam
500 1194 529 1242 de
545 1195 689 1260 simplici&
703 1195 814 1250 Semidu-
847 1193 953 1242 cundtlm
991 1191 1129 1259 generalem
1157 1191 1238 1240 rubri·

421 1257 480 1323 plici
503 1257 530 1306 fir
553 1261 688 1314 memoria,
712 1272 813 1324 excepto
846 1271 910 1308 cam.

422 1322 488 1386 quod
500 1324 525 1371 in
540 1326 625 1388 primis
633 1325 742 1386 vesperis
755 1323 813 1373 Festi
876 1337 914 1381 ²3·
925 1318 1015 1368 Festum
1025 1325 1073 1370 'Sir
1084 1319 1190 1385 Philippi
1210 1320 1237 1369 &t

420 1393 459 1436 88.
483 1389 609 1436 Trinitatis
637 1386 699 1435 nihil
721 1385 763 1436 fiat
783 1388 813 1436 de
845 1387 929 1436 iacobi
945 1384 1048 1434 sabbato
1063 1401 1103 1433 aut
1125 1385 1238 1433 Domltti·

419 1449 813 1516 semiduplicioccurrenteinSab-
845 1451 873 1498 ti
883 1453 909 1499 in
920 1448 985 1498 Albis
1000 1464 1145 1511 occurrens,
1159 1462 1238 1498 trans·

420 1511 487 1566 bato.
844 1515 963 1564 ferrutio
985 1530 1012 1575 4.
1030 1515 1090 1564 Maii
1098 1512 1111 1569 ’ς
1129 1528 1180 1579 quo
1195 1512 1236 1562 die

453 1595 492 1626 ιο.
505 1578 526 1626 Si
543 1579 672 1644 eontigerit
689 1577 813 1628 transferri
843 1595 894 1628 non
910 1577 1018 1628 feriatur.

420 1642 512 1692 festum
522 1644 635 1708 vigiliam
645 1644 743 1695 habenst
753 1657 811 1691 tunc
875 1661 916 1703 24.
932 1643 955 1690 si
968 1644 1038 1708 plura
1051 1643 1114 1691 sella
1130 1639 1235 1691 transfe··

419 1702 448 1754 fit
468 1707 506 1755 die
532 1706 642 1773 proximi
672 1708 778 1772 sequenti
802 1743 812 1768 ,
844 1721 944 1765 rantur,
965 1706 1067 1772 ptitlsfit
1082 1707 1111 1755 de
1127 1704 1236 1771 digniori

419 1769 523 1820 etiamfi
542 1787 651 1821 occurrat
666 1772 710 1820 illo
723 1772 761 1820 die
771 1775 812 1820 Fe·
845 1773 871 1820 ὃ(
889 1774 951 1820 inter
969 1773 1039 1838 plura
1047 1772 1160 1836 Duplicia
1170 1767 1235 1834 pritla

418 1835 482 1884 llum
498 1836 811 1902 Semicluplex&supri,&
844 1835 872 1883 de
889 1840 995 1904 MaJorit
1021 1835 1130 1901 alloquin
1149 1833 1167 1883 si
1188 1832 1235 1884 sint

418 1899 464 1948 ms
473 1898 500 1949 fit
516 1901 636 1951 solemne⁴
652 1900 760 1958 Quando
769 1915 811 1948 au·
843 1901 950 1967 ejusdem
966 1899 1071 1967 gradis,
1093 1900 1122 1948 de
1141 1900 1169 1946 ils
1192 1897 1236 1948 fiet

418 1977 470 2013 tem
479 1964 528 2013 dies
538 1963 648 2031 proximi
657 1967 755 2030 sequens
764 1964 809 2013 fes-
843 1981 873 2014 eo
892 1966 977 2015 ordine
994 1981 1044 2030 quo
1058 1976 1190 2013 occurrunt
1207 1965 1235 2012 in

416 2029 650 2097 t'ivaruripopulo‚
664 2045 706 2079 aut
719 2030 751 2078 ell
767 2036 811 2078 So·
842 2030 987 2079 calendario
1004 2062 1012 2086 ,
1037 2031 1142 2093 exceptis
1163 2025 1234 2076 Feslis

417 2093 499 2144 lemne
508 2128 516 2153 ,
531 2096 621 2144 Festum
636 2095 751 2161 vigiliam
766 2097 810 2143 ha·
843 2096 1012 2160 Apostolorum
1031 2097 1055 2142 ὃ(
1074 2091 1144 2158 supri
1159 2106 1234 2155 ‚quae

418 2158 478 2207 bens
506 2159 647 2208 transfertur
677 2159 810 2209 seeundtlm
842 2162 895 2208 aliis
910 2159 1029 2208 inferioris
1047 2155 1233 2268 frassinetiam

417 2221 554 2286 generalem
566 2224 696 2271 rubricam.
840 2221 908 2269 Pestis
925 2222 1047 2286 Evangelii
1059 2236 1147 2278 arum,
1173 2234 1234 2284 prt-

452 2303 493 2334 ιι.
505 2284 596 2333 Festum
607 2283 807 2335 Annuntiarionis
839 2283 958 2336 feruntur.

419 2342 548 2397 occurrens
555 2350 714 2398 inDominica
723 2350 807 2413 primae
872 2368 911 2405 ις.
922 2352 944 2397 si
963 2348 1053 2398 Festum
1072 2347 1177 2414 Simplex
1193 2345 1233 2397 vel

419 2410 508 2472 clalsts,
522 2412 761 2467 transferrutsetiam
780 2416 806 2461 in
839 2414 991 2481 semiduplex
1008 2428 1119 2463 occurrat
1141 2414 1165 2460 in
1192 2413 1232 2462 die

417 2476 518 2543 proprii
528 2476 664 2538 [ceresaria
674 2477 822 2527 Feriamse..
839 2481 866 2528 in
882 2495 931 2544 quo
947 2479 998 2528 fieti
1015 2479 1109 2527 tantum
1139 2475 1232 2526 osiitrle

394 2579 398 2587 .
418 2542 671 2600 cundametiamsteo
678 2543 715 2591 die
721 2557 807 2593 occur·
839 2560 869 2593 eo
883 2544 1091 2593 commemoratio
1101 2576 1108 2599 ,
1120 2493 1147 2590 lt
1156 2543 1232 2591 etiarn

419 2619 459 2654 rat
474 2606 563 2655 alicubi
580 2607 672 2656 Festum
684 2607 811 2665 Annuale,-
839 2610 933 2658 tannim
948 2605 1232 2658 Commemoratiodeeo

419 2668 450 2719 de
458 2685 508 2734 quo
516 2669 556 2719 fiet
563 2671 690 2732 primidie
699 2688 751 2720 non
761 2673 808 2720 im·
839 2673 867 2722 in
879 2674 989 2738 vesperis
1002 2670 1155 2738 precedentis
1164 2670 1230 2730 diei,

417 2734 500 2800 pediti
513 2736 646 2785 ¹secundtlm
660 2738 808 2801 superiorem
840 2739 913 2799 etiam
942 2735 958 2784 fr
981 2738 1094 2785 dicantur
1110 2734 1139 2783 de
1154 2737 1229 2786 feria.

417 2799 549 2850 rubricam.
568 2800 661 2851 sivero
679 2799 807 2849 transfera-
841 2803 863 2849 Si
875 2817 955 2850 autem
970 2800 1043 2849 indie
1056 2805 1082 2849 in
1098 2816 1147 2865 quo
1166 2800 1230 2849 nihil

418 2870 457 2912 tur
507 2863 526 2911 st
544 2865 651 2922 Pascha,
673 2865 702 2913 de
720 2881 749 2913 eo
767 2864 808 2914 fier
858 2865 909 2915 offrt
919 2864 969 2914 feri
979 2865 1008 2914 de
1018 2882 1064 2924 eo,
1079 2863 1140 2913 nihil
1154 2867 1229 2915 etiam

418 2879 607 2977 reeilosecunda
621 2927 672 2993 post
693 2931 806 2979 Domini·
841 2881 883 2981 fer
899 2932 925 2980 in
944 2931 1053 2996 vesperis
1073 2931 1228 2994 praecedenti-

421 2996 476 3040 'eam
503 2993 529 3040 in
555 2993 622 3042 Albis
652 3009 807 3060 quocumque
841 2995 894 3046 bus.

421 3055 487 3106 fello
517 3058 589 3106 etiam
628 3058 736 3107 Annuali
781 3062 807 3108 in
875 3071 915 3114 26.
934 3063 996 3110 cum
1024 3057 1117 3109 Festum
1137 3057 1231 3107 habens

421 3135 616 3179 eaoccurrente,
640 3123 670 3171 de
694 3138 743 3187 quo
765 3122 807 3172 fiet
840 3126 958 3175 oslavam
990 3123 1154 3181 transfertur,
1177 3138 1230 3173 non

422 3185 503 3254 primi
533 3185 571 3236 die
609 3203 661 3236 non
690 3188 808 3252 impediri
840 3189 977 3238 transfertur
997 3197 1048 3256 ejus
1063 3189 1172 3245 oslava,
1190 3187 1232 3237 serl

422 3250 554 3303 secuudum
569 3252 706 3318 generalem
731 3253 811 3300 rubri·
841 3253 933 3320 semper
952 3254 993 3302 suo
1008 3253 1048 3302 die
1062 3255 1205 3301 terminatur
1222 3272 1230 3307 a

423 3333 487 3372 eam.
842 3318 876 3365 ita
892 3334 918 3366 ut
927 3315 1108 3383 ‚verbigrarii‚
1121 3313 1231 3382 sialiquo

453 3400 494 3432 22.
505 3385 528 3433 Si
537 3382 628 3433 Festum
644 3381 812 3433 §.Mareieve-
843 3397 909 3432 anno
925 3381 1016 3433 Festum
1033 3379 1192 3430 celebraretur
1202 3396 1232 3430 eo

424 3449 487 3495 nerit
511 3452 537 3498 in
560 3450 713 3503 Dominiea,
740 3446 811 3496 abili·
843 3446 897 3504 die,
910 3449 953 3513 qui
970 3444 1052 3494 finon
1066 3443 1232 3495 transferretur

424 3514 507 3562 nentia
521 3513 542 3562 a·
551 3515 663 3566 carnibus
677 3529 732 3566 rum
746 3514 812 3564 Lita-
843 3508 899 3563 esset
912 3516 966 3580 ejas
990 3508 1131 3571 dictitare,
1148 3509 1231 3576 positi·
